@software{anoma-taiga,
author = {{Heliax AG}},
license = {MIT},
title = {{Taiga Implementation}},
url = {https://github.com/anoma/taiga/},
year = {2023}
}

@software{anoma-geb,
author = {{Heliax AG}},
license = {MIT},
title = {{Geb Lisp Implementation}},
url = {https://github.com/anoma/geb/},
year = {2023}
}

@software{anoma-vampir,
author = {{Heliax AG}},
license = {MIT},
title = {{VampIR Rust Implementation}},
url = {https://github.com/anoma/vamp-ir/},
year = {2023}
}

@software{anoma-juvix,
author = {{Heliax AG}},
license = {MIT},
title = {{Juvix Compiler}},
url = {https://github.com/anoma/juvix/},
year = {2023}
}

@webpage{gradual-typing,
    author = {J. Siek},
    title = {{What is Gradual Typing?}},
	lastchecked = {August 2023},
	url = {https://wphomes.soic.indiana.edu/jsiek/what-is-gradual-typing/},
	year = {2014}}

@incollection{lambda-calculi-with-types,
	author = {H. P. Barendregt},
	booktitle = {Handbook of Logic in Computer Science},
	pages = {118-310},
	publisher = {Oxford University Press},
	title = {Lambda calculi with types},
	volume = {2},
	year = {1992}}

@book{concrete-semantics,
	author = {T. Nipkow and G. Klein},
	publisher = {Springer},
	title = {Concrete Semantics with Isabelle/HOL},
	year = {2014}}
